
@inproceedings{shen2022rolis,
  title={Rolis: A software approach to efficiently replicating multi-core transactions},
  author={\textbf{Shen, Weihai} and Khanna, Ansh and Angel, Sebastian and Sen, Siddhartha and Mu, Shuai},
  booktitle={Proceedings of the Seventeenth European Conference on Computer Systems (Eurosys)},
  year={2022}
}


@inproceedings{shen2025mako,
  title={Mako: Speculative Distributed Transactions with Geo-Replication},
  author={\textbf{Shen, Weihai} and Cui, Yang and Sen, Siddhartha and Angel, Sebastian and Mu, Shuai},
  booktitle={Proceedings of USENIX Symposium on Operating Systems Design and Implementation (OSDI)},
  year={2025}
}